@article{freedmanCreutz,
  title={A statistical approach to quantum mechanics},
  author={Creutz, M and Freedman, B},
  journal={Annals of Physics},
  volume={132},
  number={2},
  pages={427--462},
  year={1981},
  publisher={Elsevier}
}

@misc{urbachCPscript,
  title={Computational Physics},
  author={Petschlies, M and Urbach, C},
  year={2020},
  publisher={Universit√§t Bonn}
}