@article{freedmanCreutz,
  title={A statistical approach to quantum mechanics},
  author={Creutz, M and Freedman, B},
  journal={Annals of Physics},
  volume={132},
  number={2},
  pages={427--462},
  year={1981},
  publisher={Elsevier}
}

@misc{urbachCPscript,
  title={Computational Physics},
  author={Petschlies, M and Urbach, C},
  chapter={8},
  year={2020},
  publisher={Universität Bonn}
}

@misc{thesis,
    title={Untersuchung von Quantensystemen mit Hilfe von gitterfeldtheoretischen Methoden},
    author={von Campe, H},
    year={2021},
    publisher={Universität Bonn}
}

@book{gattringerLang,
  title={Quantum chromodynamics on the lattice: an introductory presentation},
  author={Gattringer, Christof and Lang, Christian},
  chapter={2, 3},
  series={Lecture Notes in Physics},
  volume={788},
  year={2009},
  publisher={Springer Science \& Business Media}
}

@article{historyOfQCD,
  title={The history of QCD},
  author={Fritzsch, Harald},
  journal={CERN Courier, Sept},
  volume={27},
  year={2012},
  howpublished="\url{https://cerncourier.com/a/the-history-of-qcd/}"
}

@article{latticeQCDhistory,
  title={Lattice quantum chromodynamics comes of age},
  author={DeTar, Carleton and Gottlieb, Steven},
  journal={Physics Today},
  volume={57},
  number={2},
  pages={45--51},
  year={2004}
}

@book{loopsStaticPotRothe,
  title={Lattice gauge theories: an introduction},
  author={Rothe, Heinz J},
  chapter={7},
  volume={74},
  year={2005},
  publisher={World Scientific Publishing Company}
}

@article{latticeQCDforNovices,
  title={Lattice QCD for novices},
  author={Lepage, G Peter},
  journal={Strong Interactions at Low and Intermediate Energies},
  pages={49--90},
  year={1998},
  publisher={World Scientific}
}

